%YAML 1.1
%TAG !u! tag:unity3d.com,2011:
--- !u!1 &105804
GameObject:
  m_ObjectHideFlags: 1
  m_PrefabParentObject: {fileID: 0}
  m_PrefabInternal: {fileID: 100100000}
  serializedVersion: 4
  m_Component:
  - 4: {fileID: 443836}
  - 33: {fileID: 3381902}
  - 23: {fileID: 2388970}
  m_Layer: 8
  m_Name: gun_2
  m_TagString: Untagged
  m_Icon: {fileID: 0}
  m_NavMeshLayer: 0
  m_StaticEditorFlags: 0
  m_IsActive: 1
--- !u!1 &133106
GameObject:
  m_ObjectHideFlags: 0
  m_PrefabParentObject: {fileID: 0}
  m_PrefabInternal: {fileID: 100100000}
  serializedVersion: 4
  m_Component:
  - 4: {fileID: 441618}
  m_Layer: 8
  m_Name: Gun
  m_TagString: Untagged
  m_Icon: {fileID: 0}
  m_NavMeshLayer: 0
  m_StaticEditorFlags: 0
  m_IsActive: 1
--- !u!1 &158534
GameObject:
  m_ObjectHideFlags: 0
  m_PrefabParentObject: {fileID: 0}
  m_PrefabInternal: {fileID: 100100000}
  serializedVersion: 4
  m_Component:
  - 4: {fileID: 457272}
  - 20: {fileID: 2071652}
  - 114: {fileID: 11468012}
  - 114: {fileID: 11479512}
  - 114: {fileID: 11490652}
  - 114: {fileID: 11460930}
  - 123: {fileID: 12309180}
  - 114: {fileID: 11476038}
  - 114: {fileID: 11453102}
  m_Layer: 0
  m_Name: GunCamera
  m_TagString: Untagged
  m_Icon: {fileID: 0}
  m_NavMeshLayer: 0
  m_StaticEditorFlags: 0
  m_IsActive: 1
--- !u!1 &167174
GameObject:
  m_ObjectHideFlags: 1
  m_PrefabParentObject: {fileID: 0}
  m_PrefabInternal: {fileID: 100100000}
  serializedVersion: 4
  m_Component:
  - 4: {fileID: 477058}
  - 33: {fileID: 3315790}
  - 23: {fileID: 2336636}
  - 95: {fileID: 9513216}
  m_Layer: 8
  m_Name: gun_1
  m_TagString: Untagged
  m_Icon: {fileID: 0}
  m_NavMeshLayer: 0
  m_StaticEditorFlags: 0
  m_IsActive: 0
--- !u!1 &167612
GameObject:
  m_ObjectHideFlags: 1
  m_PrefabParentObject: {fileID: 0}
  m_PrefabInternal: {fileID: 100100000}
  serializedVersion: 4
  m_Component:
  - 4: {fileID: 487282}
  - 33: {fileID: 3341390}
  - 23: {fileID: 2336498}
  m_Layer: 8
  m_Name: gun_4
  m_TagString: Untagged
  m_Icon: {fileID: 0}
  m_NavMeshLayer: 0
  m_StaticEditorFlags: 0
  m_IsActive: 0
--- !u!1 &176666
GameObject:
  m_ObjectHideFlags: 1
  m_PrefabParentObject: {fileID: 0}
  m_PrefabInternal: {fileID: 100100000}
  serializedVersion: 4
  m_Component:
  - 4: {fileID: 498788}
  - 33: {fileID: 3357548}
  - 23: {fileID: 2370222}
  m_Layer: 8
  m_Name: gun_3
  m_TagString: Untagged
  m_Icon: {fileID: 0}
  m_NavMeshLayer: 0
  m_StaticEditorFlags: 0
  m_IsActive: 0
--- !u!4 &441618
Transform:
  m_ObjectHideFlags: 1
  m_PrefabParentObject: {fileID: 0}
  m_PrefabInternal: {fileID: 100100000}
  m_GameObject: {fileID: 133106}
  m_LocalRotation: {x: 0, y: -1, z: 0, w: -1.62920685e-07}
  m_LocalPosition: {x: 0, y: 0, z: 0}
  m_LocalScale: {x: 1, y: 1, z: 1}
  m_Children:
  - {fileID: 477058}
  - {fileID: 443836}
  - {fileID: 498788}
  - {fileID: 487282}
  m_Father: {fileID: 457272}
  m_RootOrder: 0
--- !u!4 &443836
Transform:
  m_ObjectHideFlags: 1
  m_PrefabParentObject: {fileID: 0}
  m_PrefabInternal: {fileID: 100100000}
  m_GameObject: {fileID: 105804}
  m_LocalRotation: {x: .0135014486, y: -.998101652, z: .000812777318, w: -.0600849874}
  m_LocalPosition: {x: -.810000002, y: -.460000008, z: -2.6500001}
  m_LocalScale: {x: .600000024, y: .600000024, z: .600000024}
  m_Children: []
  m_Father: {fileID: 441618}
  m_RootOrder: 1
--- !u!4 &457272
Transform:
  m_ObjectHideFlags: 1
  m_PrefabParentObject: {fileID: 0}
  m_PrefabInternal: {fileID: 100100000}
  m_GameObject: {fileID: 158534}
  m_LocalRotation: {x: 0, y: 0, z: 0, w: 1}
  m_LocalPosition: {x: 0, y: 0, z: 0}
  m_LocalScale: {x: 1, y: 1, z: 1}
  m_Children:
  - {fileID: 441618}
  m_Father: {fileID: 0}
  m_RootOrder: 0
--- !u!4 &477058
Transform:
  m_ObjectHideFlags: 1
  m_PrefabParentObject: {fileID: 0}
  m_PrefabInternal: {fileID: 100100000}
  m_GameObject: {fileID: 167174}
  m_LocalRotation: {x: -.0678000227, y: .994818211, z: -.00541339302, w: .0755686015}
  m_LocalPosition: {x: -.540000021, y: -.419999987, z: -1.88}
  m_LocalScale: {x: .449999988, y: .449999988, z: .449999988}
  m_Children: []
  m_Father: {fileID: 441618}
  m_RootOrder: 0
--- !u!4 &487282
Transform:
  m_ObjectHideFlags: 1
  m_PrefabParentObject: {fileID: 0}
  m_PrefabInternal: {fileID: 100100000}
  m_GameObject: {fileID: 167612}
  m_LocalRotation: {x: .00191986118, y: -.999998152, z: 3.12785103e-10, w: -1.62920387e-07}
  m_LocalPosition: {x: -.330000013, y: -.00999999978, z: -.829999983}
  m_LocalScale: {x: .300000012, y: .330000013, z: .100000001}
  m_Children: []
  m_Father: {fileID: 441618}
  m_RootOrder: 3
--- !u!4 &498788
Transform:
  m_ObjectHideFlags: 1
  m_PrefabParentObject: {fileID: 0}
  m_PrefabInternal: {fileID: 100100000}
  m_GameObject: {fileID: 176666}
  m_LocalRotation: {x: 0, y: -1, z: 0, w: -1.62920685e-07}
  m_LocalPosition: {x: -.230000004, y: -.319999993, z: -1.51999998}
  m_LocalScale: {x: .449999988, y: .439999998, z: .330000013}
  m_Children: []
  m_Father: {fileID: 441618}
  m_RootOrder: 2
--- !u!20 &2071652
Camera:
  m_ObjectHideFlags: 1
  m_PrefabParentObject: {fileID: 0}
  m_PrefabInternal: {fileID: 100100000}
  m_GameObject: {fileID: 158534}
  m_Enabled: 1
  serializedVersion: 2
  m_ClearFlags: 3
  m_BackGroundColor: {r: .192156866, g: .301960796, b: .474509805, a: .0196078438}
  m_NormalizedViewPortRect:
    serializedVersion: 2
    x: 0
    y: 0
    width: 1
    height: 1
  near clip plane: .300000012
  far clip plane: 1000
  field of view: 30
  orthographic: 0
  orthographic size: 5
  m_Depth: 1
  m_CullingMask:
    serializedVersion: 2
    m_Bits: 256
  m_RenderingPath: -1
  m_TargetTexture: {fileID: 0}
  m_TargetDisplay: 0
  m_TargetEye: 3
  m_HDR: 0
  m_OcclusionCulling: 1
  m_StereoConvergence: 10
  m_StereoSeparation: .0219999999
  m_StereoMirrorMode: 0
--- !u!23 &2336498
MeshRenderer:
  m_ObjectHideFlags: 1
  m_PrefabParentObject: {fileID: 0}
  m_PrefabInternal: {fileID: 100100000}
  m_GameObject: {fileID: 167612}
  m_Enabled: 1
  m_CastShadows: 1
  m_ReceiveShadows: 1
  m_Materials:
  - {fileID: 2100000, guid: 9440d72be17da43cab44911b638d79a3, type: 2}
  m_SubsetIndices: 
  m_StaticBatchRoot: {fileID: 0}
  m_UseLightProbes: 1
  m_ReflectionProbeUsage: 1
  m_ProbeAnchor: {fileID: 0}
  m_ScaleInLightmap: 1
  m_PreserveUVs: 0
  m_ImportantGI: 0
  m_AutoUVMaxDistance: .5
  m_AutoUVMaxAngle: 89
  m_LightmapParameters: {fileID: 0}
  m_SortingLayerID: 0
  m_SortingOrder: 0
--- !u!23 &2336636
MeshRenderer:
  m_ObjectHideFlags: 1
  m_PrefabParentObject: {fileID: 0}
  m_PrefabInternal: {fileID: 100100000}
  m_GameObject: {fileID: 167174}
  m_Enabled: 1
  m_CastShadows: 0
  m_ReceiveShadows: 0
  m_Materials:
  - {fileID: 2100000, guid: b641c0cae30194af2be2a0e7f22ff195, type: 2}
  m_SubsetIndices: 
  m_StaticBatchRoot: {fileID: 0}
  m_UseLightProbes: 1
  m_ReflectionProbeUsage: 1
  m_ProbeAnchor: {fileID: 0}
  m_ScaleInLightmap: 1
  m_PreserveUVs: 0
  m_ImportantGI: 0
  m_AutoUVMaxDistance: .5
  m_AutoUVMaxAngle: 89
  m_LightmapParameters: {fileID: 0}
  m_SortingLayerID: 0
  m_SortingOrder: 0
--- !u!23 &2370222
MeshRenderer:
  m_ObjectHideFlags: 1
  m_PrefabParentObject: {fileID: 0}
  m_PrefabInternal: {fileID: 100100000}
  m_GameObject: {fileID: 176666}
  m_Enabled: 1
  m_CastShadows: 1
  m_ReceiveShadows: 1
  m_Materials:
  - {fileID: 2100000, guid: e313278fd71fd4db19d2f1449c180cac, type: 2}
  m_SubsetIndices: 
  m_StaticBatchRoot: {fileID: 0}
  m_UseLightProbes: 1
  m_ReflectionProbeUsage: 1
  m_ProbeAnchor: {fileID: 0}
  m_ScaleInLightmap: 1
  m_PreserveUVs: 0
  m_ImportantGI: 0
  m_AutoUVMaxDistance: .5
  m_AutoUVMaxAngle: 89
  m_LightmapParameters: {fileID: 0}
  m_SortingLayerID: 0
  m_SortingOrder: 0
--- !u!23 &2388970
MeshRenderer:
  m_ObjectHideFlags: 1
  m_PrefabParentObject: {fileID: 0}
  m_PrefabInternal: {fileID: 100100000}
  m_GameObject: {fileID: 105804}
  m_Enabled: 1
  m_CastShadows: 1
  m_ReceiveShadows: 1
  m_Materials:
  - {fileID: 2100000, guid: 9cee8d4fc7aa54af4b8be6e01241a2ca, type: 2}
  m_SubsetIndices: 
  m_StaticBatchRoot: {fileID: 0}
  m_UseLightProbes: 1
  m_ReflectionProbeUsage: 1
  m_ProbeAnchor: {fileID: 0}
  m_ScaleInLightmap: 1
  m_PreserveUVs: 0
  m_ImportantGI: 0
  m_AutoUVMaxDistance: .5
  m_AutoUVMaxAngle: 89
  m_LightmapParameters: {fileID: 0}
  m_SortingLayerID: 0
  m_SortingOrder: 0
--- !u!33 &3315790
MeshFilter:
  m_ObjectHideFlags: 1
  m_PrefabParentObject: {fileID: 0}
  m_PrefabInternal: {fileID: 100100000}
  m_GameObject: {fileID: 167174}
  m_Mesh: {fileID: 4300000, guid: c5716dfb9ad394387bd55445e4b41fc9, type: 3}
--- !u!33 &3341390
MeshFilter:
  m_ObjectHideFlags: 1
  m_PrefabParentObject: {fileID: 0}
  m_PrefabInternal: {fileID: 100100000}
  m_GameObject: {fileID: 167612}
  m_Mesh: {fileID: 4300000, guid: 61823c547a90544188b59b391d96ee56, type: 3}
--- !u!33 &3357548
MeshFilter:
  m_ObjectHideFlags: 1
  m_PrefabParentObject: {fileID: 0}
  m_PrefabInternal: {fileID: 100100000}
  m_GameObject: {fileID: 176666}
  m_Mesh: {fileID: 4300000, guid: 1dd267b62ae6141e6a3792c191d6c5d5, type: 3}
--- !u!33 &3381902
MeshFilter:
  m_ObjectHideFlags: 1
  m_PrefabParentObject: {fileID: 0}
  m_PrefabInternal: {fileID: 100100000}
  m_GameObject: {fileID: 105804}
  m_Mesh: {fileID: 4300000, guid: 86e8b9a1103b64373874fccd8524e956, type: 3}
--- !u!95 &9513216
Animator:
  serializedVersion: 3
  m_ObjectHideFlags: 1
  m_PrefabParentObject: {fileID: 0}
  m_PrefabInternal: {fileID: 100100000}
  m_GameObject: {fileID: 167174}
  m_Enabled: 1
  m_Avatar: {fileID: 0}
  m_Controller: {fileID: 9100000, guid: 013190c7084434653964aa862872cd84, type: 2}
  m_CullingMode: 0
  m_UpdateMode: 0
  m_ApplyRootMotion: 0
  m_LinearVelocityBlending: 0
  m_WarningMessage: 
  m_HasTransformHierarchy: 1
  m_AllowConstantClipSamplingOptimization: 1
--- !u!114 &11453102
MonoBehaviour:
  m_ObjectHideFlags: 1
  m_PrefabParentObject: {fileID: 0}
  m_PrefabInternal: {fileID: 100100000}
  m_GameObject: {fileID: 158534}
  m_Enabled: 1
  m_EditorHideFlags: 0
  m_Script: {fileID: 11500000, guid: 3309686a9fbbe6e42a182d5e0257704c, type: 3}
  m_Name: 
  m_EditorClassIdentifier: 
  intensity: .5
  threshold: 0
  blurSpread: 1
  separableBlurShader: {fileID: 4800000, guid: e97c14fbb5ea04c3a902cc533d7fc5d1, type: 3}
  contrastCompositeShader: {fileID: 4800000, guid: 273404942eede4ea1883ca1fb2942507,
    type: 3}
--- !u!114 &11460930
MonoBehaviour:
  m_ObjectHideFlags: 1
  m_PrefabParentObject: {fileID: 0}
  m_PrefabInternal: {fileID: 100100000}
  m_GameObject: {fileID: 158534}
  m_Enabled: 1
  m_EditorHideFlags: 0
  m_Script: {fileID: 11500000, guid: 9191284b058eef549b7108b5f04e1117, type: 3}
  m_Name: 
  m_EditorClassIdentifier: 
  intensityMultiplier: .25
  generalIntensity: .5
  blackIntensity: 1
  whiteIntensity: 1
  midGrey: .200000003
  dx11Grain: 0
  softness: 0
  monochrome: 0
  intensities: {x: 1, y: 1, z: 1}
  tiling: {x: 64, y: 64, z: 64}
  monochromeTiling: 64
  filterMode: 1
  noiseTexture: {fileID: 2800000, guid: 7a632f967e8ad42f5bd275898151ab6a, type: 3}
  noiseShader: {fileID: 4800000, guid: b0249d8c935344451aa4de6db76f0688, type: 3}
  dx11NoiseShader: {fileID: 4800000, guid: 8b30686bb4322ab42ad5eb50a0210b58, type: 3}
--- !u!114 &11468012
MonoBehaviour:
  m_ObjectHideFlags: 1
  m_PrefabParentObject: {fileID: 0}
  m_PrefabInternal: {fileID: 100100000}
  m_GameObject: {fileID: 158534}
  m_Enabled: 1
  m_EditorHideFlags: 0
  m_Script: {fileID: 11500000, guid: dd6d4281e5d7cd44d8c6e38bc2c1b8d8, type: 3}
  m_Name: 
  m_EditorClassIdentifier: 
  mode: 0
  intensity: 3.69000006
  chromaticAberration: 2.81999993
  axialAberration: .5
  blur: .5
  blurSpread: 1.92999995
  luminanceDependency: .25
  blurDistance: 2.5
  vignetteShader: {fileID: 4800000, guid: 627943dc7a9a74286b70a4f694a0acd5, type: 3}
  separableBlurShader: {fileID: 4800000, guid: e97c14fbb5ea04c3a902cc533d7fc5d1, type: 3}
  chromAberrationShader: {fileID: 4800000, guid: 2b4f29398d9484ccfa9fd220449f5eee,
    type: 3}
--- !u!114 &11476038
MonoBehaviour:
  m_ObjectHideFlags: 1
  m_PrefabParentObject: {fileID: 0}
  m_PrefabInternal: {fileID: 100100000}
  m_GameObject: {fileID: 158534}
  m_Enabled: 1
  m_EditorHideFlags: 0
  m_Script: {fileID: 11500000, guid: 1fd999d1b2cf94a45a5b0a47ce074bef, type: 3}
  m_Name: 
  m_EditorClassIdentifier: 
  redChannel:
    serializedVersion: 2
    m_Curve:
    - time: -.00833333377
      value: -.0749999955
      inSlope: 1.14705873
      outSlope: 1.14705873
      tangentMode: 0
    - time: .983333349
      value: .96875
      inSlope: 5.72204499e-07
      outSlope: 5.72204499e-07
      tangentMode: 0
    m_PreInfinity: 2
    m_PostInfinity: 2
  greenChannel:
    serializedVersion: 2
    m_Curve:
    - time: -.00406249985
      value: -.0168750025
      inSlope: .61016947
      outSlope: .61016947
      tangentMode: 0
    - time: 1
      value: .993749976
      inSlope: .101503819
      outSlope: .101503819
      tangentMode: 0
    m_PreInfinity: 2
    m_PostInfinity: 2
  blueChannel:
    serializedVersion: 2
    m_Curve:
    - time: .0125000002
      value: .144140616
      inSlope: .182773024
      outSlope: .182773024
      tangentMode: 0
    - time: 1.00416672
      value: .993749976
      inSlope: 1.96874964
      outSlope: 1.96874964
      tangentMode: 0
    m_PreInfinity: 2
    m_PostInfinity: 2
  useDepthCorrection: 0
  zCurve:
    serializedVersion: 2
    m_Curve:
    - time: 0
      value: 0
      inSlope: 0
      outSlope: 0
      tangentMode: 0
    - time: 1
      value: 1
      inSlope: 0
      outSlope: 0
      tangentMode: 0
    m_PreInfinity: 2
    m_PostInfinity: 2
  depthRedChannel:
    serializedVersion: 2
    m_Curve:
    - time: 0
      value: 0
      inSlope: 0
      outSlope: 0
      tangentMode: 0
    - time: 1
      value: 1
      inSlope: 0
      outSlope: 0
      tangentMode: 0
    m_PreInfinity: 2
    m_PostInfinity: 2
  depthGreenChannel:
    serializedVersion: 2
    m_Curve:
    - time: 0
      value: 0
      inSlope: 0
      outSlope: 0
      tangentMode: 0
    - time: 1
      value: 1
      inSlope: 0
      outSlope: 0
      tangentMode: 0
    m_PreInfinity: 2
    m_PostInfinity: 2
  depthBlueChannel:
    serializedVersion: 2
    m_Curve:
    - time: 0
      value: 0
      inSlope: 0
      outSlope: 0
      tangentMode: 0
    - time: 1
      value: 1
      inSlope: 0
      outSlope: 0
      tangentMode: 0
    m_PreInfinity: 2
    m_PostInfinity: 2
  saturation: .730000019
  selectiveCc: 0
  selectiveFromColor: {r: 1, g: 1, b: 1, a: 1}
  selectiveToColor: {r: 1, g: 1, b: 1, a: 1}
  mode: 0
  updateTextures: 1
  colorCorrectionCurvesShader: {fileID: 4800000, guid: 62bcade1028c24ca1a39760ed84b9487,
    type: 3}
  simpleColorCorrectionCurvesShader: {fileID: 4800000, guid: 438ddd58d82c84d9eb1fdc56111702e1,
    type: 3}
  colorCorrectionSelectiveShader: {fileID: 4800000, guid: e515e0f94cefc4c0db54b45cba621544,
    type: 3}
--- !u!114 &11479512
MonoBehaviour:
  m_ObjectHideFlags: 1
  m_PrefabParentObject: {fileID: 0}
  m_PrefabInternal: {fileID: 100100000}
  m_GameObject: {fileID: 158534}
  m_Enabled: 1
  m_EditorHideFlags: 0
  m_Script: {fileID: 11500000, guid: 4739c22ef73ad62488fe344c8fe9addd, type: 3}
  m_Name: 
  m_EditorClassIdentifier: 
  strengthX: .0500000007
  strengthY: .0500000007
  fishEyeShader: {fileID: 4800000, guid: 874ceab4425f64bccb1d14032f4452b1, type: 3}
--- !u!114 &11490652
MonoBehaviour:
  m_ObjectHideFlags: 1
  m_PrefabParentObject: {fileID: 0}
  m_PrefabInternal: {fileID: 100100000}
  m_GameObject: {fileID: 158534}
  m_Enabled: 1
  m_EditorHideFlags: 0
  m_Script: {fileID: 11500000, guid: 7fceaeb339b971b429c4cc600acabd13, type: 3}
  m_Name: 
  m_EditorClassIdentifier: 
  tweakMode: 0
  screenBlendMode: 1
  hdr: 0
  sepBlurSpread: 2.0999999
  quality: 1
  bloomIntensity: .5
  bloomThreshold: .779999971
  bloomThresholdColor: {r: 1, g: 1, b: 1, a: 1}
  bloomBlurIterations: 1
  hollywoodFlareBlurIterations: 2
  flareRotation: 0
  lensflareMode: 1
  hollyStretchWidth: 2.5
  lensflareIntensity: 0
  lensflareThreshold: .300000012
  lensFlareSaturation: .75
  flareColorA: {r: .400000006, g: .400000006, b: .800000012, a: .75}
  flareColorB: {r: .400000006, g: .800000012, b: .800000012, a: .75}
  flareColorC: {r: .800000012, g: .400000006, b: .800000012, a: .75}
  flareColorD: {r: .800000012, g: .400000006, b: 0, a: .75}
  lensFlareVignetteMask: {fileID: 2800000, guid: 95ef4804fe0be4c999ddaa383536cde8,
    type: 3}
  lensFlareShader: {fileID: 4800000, guid: 459fe69d2f6d74ddb92f04dbf45a866b, type: 3}
  screenBlendShader: {fileID: 4800000, guid: 7856cbff0a0ca45c787d5431eb805bb0, type: 3}
  blurAndFlaresShader: {fileID: 4800000, guid: be6e39cf196f146d5be72fbefb18ed75, type: 3}
  brightPassFilterShader: {fileID: 4800000, guid: 0aeaa4cb29f5d4e9c8455f04c8575c8c,
    type: 3}
--- !u!123 &12309180
LensFlare:
  m_ObjectHideFlags: 1
  m_PrefabParentObject: {fileID: 0}
  m_PrefabInternal: {fileID: 100100000}
  m_GameObject: {fileID: 158534}
  m_Enabled: 1
  m_Flare: {fileID: 12100000, guid: 09ebe82dbd1113c3d000dc0b8d76c639, type: 2}
  m_Color: {r: 1, g: 1, b: 1, a: 0}
  m_Brightness: 2
  m_FadeSpeed: 3
  m_IgnoreLayers:
    serializedVersion: 2
    m_Bits: 6
  m_Directional: 0
--- !u!1001 &100100000
Prefab:
  m_ObjectHideFlags: 1
  serializedVersion: 2
  m_Modification:
    m_TransformParent: {fileID: 0}
    m_Modifications: []
    m_RemovedComponents: []
  m_ParentPrefab: {fileID: 0}
  m_RootGameObject: {fileID: 158534}
  m_IsPrefabParent: 1
